@article{mccardwell2015fir,
  title={FIR filtering and AES encryption with OpenCL 2.0},
  author={McCardwell, Carter and Dao, Tuan and Mukherjee, Saoni and Kaeli, David},
  year={2015},
  publisher={hgpu. org}
}